<record><leader>00000cas a2200000 a 4500</leader><controlfield tag="001">37023553</controlfield><controlfield tag="008">970605d19711979oruwr ne      0    0eng c</controlfield><datafield ind1=" " ind2=" " tag="010"><subfield code="a">sn 96088387 </subfield></datafield><datafield ind1=" " ind2=" " tag="040"><subfield code="a">OCN</subfield><subfield code="b">eng</subfield><subfield code="c">OCN</subfield><subfield code="d">OCLCQ</subfield><subfield code="d">ORU</subfield><subfield code="d">OCLCQ</subfield><subfield code="d">OCLCF</subfield><subfield code="d">OCLCO</subfield></datafield><datafield ind1=" " ind2=" " tag="042"><subfield code="a">pcc</subfield></datafield><datafield ind1=" " ind2=" " tag="043"><subfield code="a">n-us-or</subfield></datafield><datafield ind1="0" ind2=" " tag="130"><subfield code="a">Countryman (Coburg, Or.)</subfield></datafield><datafield ind1="1" ind2="4" tag="245"><subfield code="a">The Countryman.</subfield></datafield><datafield ind1=" " ind2=" " tag="260"><subfield code="a">Coburg, Or. :</subfield><subfield code="b">[s.n.],</subfield><subfield code="c">-1979.</subfield></datafield><datafield ind1=" " ind2=" " tag="300"><subfield code="a">v.</subfield></datafield><datafield ind1=" " ind2=" " tag="310"><subfield code="a">Weekly,</subfield><subfield code="b">Nov. 9, 1972-Jan. 31, 1979</subfield></datafield><datafield ind1=" " ind2=" " tag="321"><subfield code="a">Biweekly,</subfield><subfield code="b">&lt;Dec. 16, 1971&gt;-Oct. 26, 1972</subfield></datafield><datafield ind1="0" ind2=" " tag="362"><subfield code="a">-v. 8, no. 46 (Jan. 31, 1979).</subfield></datafield><datafield ind1="1" ind2=" " tag="362"><subfield code="a">Began in 1971.</subfield></datafield><datafield ind1=" " ind2=" " tag="530"><subfield code="a">Also issued on microfilm from University of Oregon.</subfield></datafield><datafield ind1=" " ind2=" " tag="588"><subfield code="a">Description based on: Dec. 16, 1971.</subfield></datafield><datafield ind1=" " ind2="0" tag="651"><subfield code="a">Coburg (Or.)</subfield><subfield code="v">Newspapers.</subfield></datafield><datafield ind1=" " ind2="0" tag="651"><subfield code="a">Harrisburg (Or.)</subfield><subfield code="v">Newspapers.</subfield></datafield><datafield ind1=" " ind2="7" tag="655"><subfield code="a">Newspapers.</subfield><subfield code="2">fast</subfield><subfield code="0">(OCoLC)fst01423814</subfield></datafield><datafield ind1=" " ind2="7" tag="651"><subfield code="a">Oregon</subfield><subfield code="z">Coburg.</subfield><subfield code="2">fast</subfield><subfield code="0">(OCoLC)fst01236405</subfield></datafield><datafield ind1=" " ind2="7" tag="651"><subfield code="a">Oregon</subfield><subfield code="z">Harrisburg.</subfield><subfield code="2">fast</subfield><subfield code="0">(OCoLC)fst01221358</subfield></datafield><datafield ind1=" " ind2=" " tag="752"><subfield code="a">United States</subfield><subfield code="b">Oregon</subfield><subfield code="c">Lane</subfield><subfield code="d">Coburg.</subfield></datafield><datafield ind1="0" ind2="0" tag="780"><subfield code="t">Coburg countryman</subfield><subfield code="w">(DLC)sn 96088386</subfield><subfield code="w">(OCoLC)37023548</subfield></datafield><datafield ind1="0" ind2="0" tag="785"><subfield code="t">Countryman community news</subfield><subfield code="w">(DLC)sn 96088388</subfield><subfield code="w">(OCoLC)37023556</subfield></datafield></record>